<?xml version="1.0" encoding="UTF-8"?><record xmlns="http://www.loc.gov/MARC21/slim" xmlns:cinclude="http://apache.org/cocoon/include/1.0" xmlns:zs="http://www.loc.gov/zing/srw/">
  <leader>00529cz  a2200133n  4500</leader>
  <controlfield tag="001">n  97124911 </controlfield>
  <controlfield tag="003">DLC</controlfield>
  <controlfield tag="005">20120804083603.0</controlfield>
  <controlfield tag="008">971219n| acannaab           |n ana      </controlfield>
  <datafield tag="010" ind1=" " ind2=" ">
    <subfield code="a">n  97124911 </subfield>
  </datafield>
  <datafield tag="040" ind1=" " ind2=" ">
    <subfield code="a">DLC</subfield>
    <subfield code="b">eng</subfield>
    <subfield code="c">DLC</subfield>
    <subfield code="d">DLC</subfield>
  </datafield>
  <datafield tag="111" ind1="2" ind2=" ">
    <subfield code="a">Far East Agricultural Credit Workshop</subfield>
  </datafield>
  <datafield tag="667" ind1=" " ind2=" ">
    <subfield code="a">THIS 1XX FIELD CANNOT BE USED UNDER RDA UNTIL THIS RECORD HAS BEEN REVIEWED AND/OR UPDATED</subfield>
  </datafield>
  <datafield tag="670" ind1=" " ind2=" ">
    <subfield code="a">Agricultural credit in the Far East, 1960:</subfield>
    <subfield code="b">t.p. (Third Far East Agricultural Credit Workshop; held Oct. 24-Nov. 5, 1960, Saigon, Vietnam)</subfield>
  </datafield>
</record>